%% This BibTeX bibliography file was created using BibDesk.
%% http://bibdesk.sourceforge.net/

%% Created for Alexander SÃ¶derberg at 2015-02-10 16:12:49 +0100 


%% Saved with string encoding Unicode (UTF-8) 



@url{Little13,
	Author = {Kendra Little},
	Date-Added = {2015-02-10 14:51:14 +0000},
	Date-Modified = {2015-02-10 15:09:53 +0000},
	Keywords = {Rebuild Reorganize Index},
	Lastchecked = {2015/02/10},
	Month = {09},
	Title = {Rebuild or Reorganize: SQL Server Index Maintenance},
	Url = {http://www.brentozar.com/archive/2013/09/index-maintenance-sql-server-rebuild-reorganize/},
	Urldate = {2015/02/10},
	Year = {2013}}

@url{Shubho09,
	Author = {Al-Farooque Shubho},
	Date-Added = {2015-02-10 13:26:44 +0000},
	Date-Modified = {2015-02-10 15:10:39 +0000},
	Keywords = {SQL Optimization},
	Lastchecked = {2015/02/10},
	Month = {04},
	Title = {Top 10 steps to optimize data access in SQL Server},
	Url = {http://www.codeproject.com/Articles/34372/Top-steps-to-optimize-data-access-in-SQL-Server},
	Urldate = {2015/02/10},
	Year = {2009}}

@url{Toshiba12,
	Author = {Kevin OBrien},
	Date-Added = {2015-02-10 10:45:54 +0000},
	Date-Modified = {2015-02-10 15:11:48 +0000},
	Keywords = {Magnetic Hard Drive Reading Speed},
	Lastchecked = {2015/02/10},
	Month = {06},
	Title = {Toshiba MK01GRRB/R 2.5-inch 15K SAS Enterprise Hard Drive Review},
	Url = {http://www.storagereview.com/toshiba_mk01grrbr_25_15k_sas_enterprise_hard_drive_review},
	Urldate = {2015/02/10},
	Year = {2012}}

@url{Ozar12,
	Author = {Brent Ozar},
	Date-Added = {2015-02-10 09:40:45 +0000},
	Date-Modified = {2015-02-10 15:12:00 +0000},
	Keywords = {Index Fragmentation},
	Lastchecked = {10/2-2015},
	Month = {08},
	Title = {Stop Worrying About SQL Server Fragmentation},
	Url = {http://www.brentozar.com/archive/2012/08/sql-server-index-fragmentation/},
	Urldate = {2015/02/10},
	Year = {2012}}

@electronic{Andriole15,
	Author = {Stephen J. Andriole},
	Date-Modified = {2015-02-10 15:12:48 +0000},
	Language = {English},
	Month = {2},
	Organization = {Department of Management \& Operations, The Villanova School of Business, Villanova University},
	Owner = {Alexander},
	Timestamp = {2015.02.05},
	Title = {Seven Indisputable Technology Trends That Will Define 2015},
	Url = {http://aisel.aisnet.org/cgi/viewcontent.cgi?article=3646&context=cais&sei-redir=1&referer=https%3A%2F%2Fscholar.google.se%2Fscholar%3Fq%3Dtrends%2Bin%2Bbusiness%2Bintelligence%2B2015%26hl%3Dsv%26as_sdt%3D0%26as_vis%3D1%26oi%3Dscholart%26sa%3DX%26ei%3DhEzTVLL0HenmyQOXooKQCQ%26ved%3D0CC4QgQMwAA#search=%22trends%20business%20intelligence%202015%22},
	Urldate = {2015/02/10},
	Year = {2012},
	Bdsk-Url-1 = {http://aisel.aisnet.org/cgi/viewcontent.cgi?article=3646&context=cais&sei-redir=1&referer=https%3A%2F%2Fscholar.google.se%2Fscholar%3Fq%3Dtrends%2Bin%2Bbusiness%2Bintelligence%2B2015%26hl%3Dsv%26as_sdt%3D0%26as_vis%3D1%26oi%3Dscholart%26sa%3DX%26ei%3DhEzTVLL0HenmyQOXooKQCQ%26ved%3D0CC4QgQMwAA#search=%22trends%20business%20intelligence%202015%22}}
